@book{Sze2006Ch5,
  author = {Sze, S.M. and Ng, K.K.},
  title = {Physics of Semiconductor Devices},
  edition = {3rd},
  publisher = {John Wiley and Sons},
  year = {2006},
  chapter = {5: MOS Capacitor and MOSFET},
  isbn = {0471217492}
}

@book{Sze2006Ch6,
  author = {Sze, S.M. and Ng, K.K.},
  title = {Physics of Semiconductor Devices},
  edition = {3rd},
  publisher = {John Wiley and Sons},
  year = {2006},
  chapter = {6: Advanced MOSFET and Related Devices},
  isbn = {0471217492}
}
